@website{fantoccini,
  title={Crate fantoccini},
  author={},
  publisher= {Docs.rs},
  year={},
  note = {citováno 28.3.2024},
  howpublished = "\url{https://docs.rs/fantoccini/latest/fantoccini/index.html}",
}
@website{webdriver,
  title={WebDriver},
  author={},
  publisher= {W3C},
  year={},
  note = {citováno 28.3.2024},
  howpublished = "\url{https://www.w3.org/TR/webdriver2/}",
}
@website{tokio,
  title={Tokio (software)},
  author={},
  publisher= {Wikipedia},
  year={},
  note = {citováno 28.3.2024},
  howpublished = "\url{https://en.wikipedia.org/wiki/Tokio_(software)}",
}
@website{actix,
  title={What is Actix},
  author={},
  publisher= {},
  year={},
  note = {citováno 28.3.2024},
  howpublished = "\url{https://actix.rs/docs/whatis}",
}
@website{traefik,
  title={What is Traefik?},
  author={},
  publisher= {},
  year={},
  note = {citováno 28.3.2024},
  howpublished = "\url{https://traefik.io/traefik/}",
}
@website{building,
  title={Building},
  author={},
  publisher= {},
  year={},
  note = {citováno 28.3.2024},
  howpublished = "\url{https://tauri.app/v1/guides/building/}",
}
@website{wix,
  title={About},
  author={},
  publisher= {},
  year={},
  note = {citováno 28.3.2024},
  howpublished = "\url{https://wixtoolset.org/docs/about/}",
}
@website{sveltekit,
  title={Introduction},
  author={},
  publisher= {},
  year={},
  note = {citováno 28.3.2024},
  howpublished = "\url{https://kit.svelte.dev/docs/introduction}",
}
@website{adapters,
  title={Adapters},
  author={},
  publisher= {},
  year={},
  note = {citováno 28.3.2024},
  howpublished = "\url{https://kit.svelte.dev/docs/adapters}",
}
@website{tailwind,
  title={Tailwind CSS},
  author={},
  publisher= {Wikipedia},
  year={},
  note = {citováno 28.3.2024},
  howpublished = "\url{https://en.wikipedia.org/wiki/Tailwind_CSS}",
}
@website{atlas,
  title={Get Started with Atlas},
  author={},
  publisher= {},
  year={},
  note = {citováno 28.3.2024},
  howpublished = "\url{https://www.mongodb.com/docs/atlas/getting-started/}",
}
@website{auth,
  title={NestJS: How to Implement Session-Based User Authentication},
  author={Ekekenta Odionyenfe Clinton},
  publisher= {Loginradius Blog},
  year={},
  note = {citováno 29.3.2024},
  howpublished = "\url{https://www.loginradius.com/blog/engineering/guest-post/session-authentication-with-nestjs-and-mongodb/}",
}
@website{state,
  title={Struct actix\_session::Session},
  author={},
  publisher= {Docs.rs},
  year={},
  note = {citováno 29.3.2024},
  howpublished = "\url{https://docs.rs/actix-session/latest/actix_session/struct.Session.html}",
}
@website{invoke,
  title={Calling Rust from the frontend},
  author={},
  publisher= {Tauri},
  year={},
  note = {citováno 29.3.2024},
  howpublished = "\url{https://tauri.app/v1/guides/features/command/}",
}
@website{startup,
  title={Add an app to run automatically at startup in Windows 10},
  author={},
  publisher= {Microsoft Support},
  year={},
  note = {citováno 29.3.2024},
  howpublished = "\url{https://support.microsoft.com/en-us/windows/add-an-app-to-run-automatically-at-startup-in-windows-10-150da165-dcd9-7230-517b-cf3c295d89dd}",
}
@website{reactive,
  title={Reactive/Declarations},
  author={},
  publisher= {},
  year={},
  note = {citováno 29.3.2024},
  howpublished = "\url{https://learn.svelte.dev/tutorial/reactive-declarations}",
}
@website{store,
  title={svelte/store},
  author={},
  publisher= {SVELTE.DEV},
  year={},
  note = {citováno 29.3.2024},
  howpublished = "\url{https://svelte.dev/docs/svelte-store}",
}
@website{regex,
  title={\$regex},
  author={},
  publisher= {MongoDB},
  year={},
  note = {citováno 29.3.2024},
  howpublished = "\url{https://www.mongodb.com/docs/manual/reference/operator/query/regex/}",
}
@website{drag,
  title={Drag and Drop for mobile devices},
  author={Keith},
  publisher= {Stack Overflow},
  year={2023},
  note = {citováno 29.3.2024},
  howpublished = "\url{https://stackoverflow.com/questions/75653513/drag-and-drop-for-mobile-devices}",
}
@website{autossl,
  title={Docker-compose with Let's Encrypt: TLS Challenge},
  author={},
  publisher= {Traefiklabs},
  year={},
  note = {citováno 29.3.2024},
  howpublished = "\url{https://doc.traefik.io/traefik/user-guides/docker-compose/acme-tls/}",
}
@website{selector,
  title={CSS Selector Reference},
  author={},
  publisher= {W3Schools},
  year={},
  note = {citováno 31.3.2024},
  howpublished = "\url{https://www.w3schools.com/cssref/css_selectors.php}",
}
@website{gecko,
  title={Flags},
  author={},
  publisher= {Firefox Source Docs},
  year={},
  note = {citováno 31.3.2024},
  howpublished = "\url{https://firefox-source-docs.mozilla.org/testing/geckodriver/Flags.html\#marionette-host-host}",
}
@website{marionette,
  title={Introduction to Marionette},
  author={},
  publisher= {Firefox Source Docs},
  year={},
  note = {citováno 31.3.2024},
  howpublished = "\url{https://firefox-source-docs.mozilla.org/testing/marionette/Intro.html}",
}
@website{alias,
  title={Field attributes},
  author={},
  publisher= {Serde.rs},
  year={},
  note = {citováno 31.3.2024},
  howpublished = "\url{https://serde.rs/field-attrs.html}",
}
@website{cron,
  title={tokio-cron-scheduler},
  author={},
  publisher= {Crates.io},
  year={},
  note = {citováno 1.4.2024},
  howpublished = "\url{https://crates.io/crates/tokio-cron-scheduler}",
}
@website{store-sync,
  title={How to Create an Auto-Syncing Svelte Custom Store with Local Storage},
  author={Harrsion Sterling},
  publisher= {Medium},
  year={2023},
  note = {citováno 1.4.2024},
  howpublished = "\url{https://harrisonsterling.medium.com/how-to-create-an-auto-syncing-svelte-custom-store-with-local-storage-7e8b9f4cc231}",
}
@website{scraping,
  title={A Guide to Web Scraping from Client-Side Rendered Websites using Python},
  author={Pelin Okutan},
  publisher= {Medium},
  year={2023},
  note = {citováno 1.4.2024},
  howpublished = "\url{https://medium.com/@pelinokutan/a-guide-to-web-scraping-from-client-side-rendered-websites-using-python27-f7f0fbd642eb}",
}
@website{search,
  title={Basic approach to full-text search on a database with typescript.},
  author={Bercho},
  publisher= {Medium},
  year={2023},
  note = {citováno 1.4.2024},
  howpublished = "\url{https://medium.com/@bercho001/basic-approach-to-full-text-search-on-a-database-with-typescript-16c921f60a16}",
}


